<?xml version="1.0" encoding="UTF-8"?><collection xmlns="http://www.loc.gov/MARC21/slim"><record><leader>00471nam--2200145-i-4500</leader><controlfield tag="001">000009696</controlfield><controlfield tag="002">20161230</controlfield><controlfield tag="005">20161230201028</controlfield><controlfield tag="008">060222s1000------------r-----000-0-eng-d</controlfield><datafield ind1=" " ind2=" " tag="080"><subfield code="a">539:54</subfield></datafield><datafield ind1=" " ind2=" " tag="100"><subfield code="a">Benson, Sidney W</subfield></datafield><datafield ind1=" " ind2=" " tag="245"><subfield code="a">Atoms, molecules, and chemical reactions:chemi stry, from a molecular point of view</subfield></datafield><datafield ind1=" " ind2=" " tag="260"><subfield code="a">Reading, Massachusetts, Addison-wesley Publish Ing Company, 1970. Ix + 197 P</subfield></datafield><datafield ind1=" " ind2=" " tag="490"><subfield code="a">Addison-wesley Series In Chemistry</subfield></datafield><datafield ind1=" " ind2=" " tag="852"><subfield code="a">34969</subfield></datafield></record></collection>